@online{KDTREE,
    title     = "F-LOW Food Delivery Service implementation",
    url       = "https://github.com/Arashghsz/system-architecture-shared",
    urldate = "2025",
}


